@inproceedings{DBLP:conf/foga/Koza92,
  author    = {John R. Koza},
  title     = {Hierarchical Automatic Function Definition in Genetic Programming},
  booktitle = {FOGA},
  year      = {1992},
  pages     = {297-318},
  crossref  = {DBLP:conf/foga/1992},
  bibsource = {DBLP, http://dblp.uni-trier.de}
}
@proceedings{DBLP:conf/foga/1992,
  editor    = {L. Darrell Whitley},
  title     = {Proceedings of the Second Workshop on Foundations of Genetic
               Algorithms. Vail, Colorado, USA, July 26-29 1992},
  booktitle = {FOGA},
  publisher = {Morgan Kaufmann},
  year      = {1993},
  isbn      = {1-55860-263-1},
  bibsource = {DBLP, http://dblp.uni-trier.de}
}


@inproceedings{DBLP:conf/ices/KozaBAK96,
  author    = {John R. Koza and
               Forrest H. Bennett III and
               David Andre and
               Martin A. Keane},
  title     = {Reuse, Parameterized Reuse, and Hierarchical Reuse of Substructures
               in Evolving Electrical Circuits Using Genetic Programming},
  booktitle = {ICES},
  year      = {1996},
  pages     = {312-326},
  ee        = {http://dx.doi.org/10.1007/3-540-63173-9_56},
  crossref  = {DBLP:conf/ices/1996},
  bibsource = {DBLP, http://dblp.uni-trier.de}
}

@proceedings{DBLP:conf/ices/1996,
  editor    = {Tetsuya Higuchi and
               Masaya Iwata and
               Weixin Liu},
  title     = {Evolvable Systems: From Biology to Hardware, First International
               Conference, ICES 96, Tsukuba, Japan, October 7-8, 1996,
               Proceedings},
  booktitle = {ICES},
  publisher = {Springer},
  series    = {Lecture Notes in Computer Science},
  volume    = {1259},
  year      = {1996},
  isbn      = {3-540-63173-9},
  bibsource = {DBLP, http://dblp.uni-trier.de}
}


@article{DBLP:journals/cacm/Hall73,
  author    = {Patrick A. V. Hall},
  title     = {Equivalence Between AND/OR Graphs and Context-Free Grammars},
  journal   = {Commun. ACM},
  volume    = {16},
  number    = {7},
  year      = {1973},
  pages     = {444-445},
  ee        = {http://doi.acm.org/10.1145/362280.362302},
  bibsource = {DBLP, http://dblp.uni-trier.de}
}


@article{angluin1988queries,
  title={Queries and concept learning},
  author={Angluin, D.},
  journal={Machine learning},
  volume={2},
  number={4},
  pages={319--342},
  year={1988},
  publisher={Springer}
}
@article{valiant1984theory,
  title={A theory of the learnable},
  author={Valiant, L.G.},
  journal={Communications of the ACM},
  volume={27},
  number={11},
  pages={1134--1142},
  year={1984},
  publisher={ACM}
}

@inproceedings{shapiro1981algorithm,
  title={An algorithm that infers theories from facts},
  author={Shapiro, E.Y.},
  booktitle={Proceedings of the seventh international joint conference
                  on artificial intelligence},
  pages={446--451},
  year={1981}
}

@article{gold1965limiting,
  title={Limiting recursion},
  author={Gold, E.M.},
  journal={Journal of Symbolic Logic},
  pages={28--48},
  year={1965},
  publisher={JSTOR}
}

@article{gold1967language,
  title={Language identification in the limit},
  author={Gold, E.M.},
  journal={Information and control},
  volume={10},
  number={5},
  pages={447--474},
  year={1967},
  publisher={Elsevier}
}

@article{gold1978complexity,
  title={Complexity of automaton identification from given data},
  author={Gold, E.M.},
  journal={Information and control},
  volume={37},
  number={3},
  pages={302--320},
  year={1978},
  publisher={Elsevier}
}

@article{blum1975toward,
  title={Toward a mathematical theory of inductive inference},
  author={Blum, L. and Blum, M.},
  journal={Information and Control},
  volume={28},
  number={2},
  pages={125--155},
  year={1975},
  publisher={Elsevier}
} 

@book{girard1989proofs,
  title={Proofs and types},
  author={Girard, J.Y. and Taylor, P. and Lafont, Y.},
  volume={7},
  year={1989},
  publisher={Cambridge University Press Cambridge}
}

@article{divina2006evolutionary,
  title={Evolutionary concept learning in first order logic: An overview},
  author={Divina, F.},
  journal={AI communications},
  volume={19},
  number={1},
  pages={13--33},
  year={2006},
  publisher={IOS Press}
}

@article{church1940formulation,
  title={A formulation of the simple theory of types},
  author={Church, A.},
  journal={J. Symb. Log.},
  volume={5},
  number={2},
  pages={56--68},
  year={1940}
}

@book{hindley1972introduction,
  title={Introduction to combinatory logic},
  author={Hindley, J.R. and Lercher, B. and Seldin, J.P.},
  volume=7,
  year=1972,
  publisher={Cambridge University Press}
}

@inproceedings{briggs2006functional,
  title={Functional genetic programming with combinators},
  author={Briggs, F. and Oâ€™neill, M.},
  booktitle={Proceedings of the Third Asian-Pacific workshop on Genetic Programming, ASPGP},
  pages={110--127},
  year={2006}
}

@article{lohsimply,
  title={Simply Easy!},
  author={L{\"o}h, A. and McBride, C. and Swierstra, W.}
}

@article{nevill1997identifying ,
  title={Identifying Hierarchical Structure in Sequences: A linear-time algorithm},
  author={Nevill-Manning, C.G. and Witten, I.H.},
  journal={Journal of Artificial Intelligence Research},
  volume={7},
  pages={67--82},
  year={1997}
}

@article{johnson1998pcfg,
  title={PCFG models of linguistic tree representations},
  author={Johnson, M.},
  journal={Computational Linguistics},
  volume={24},
  number={4},
  pages={613--632},
  year={1998},
  publisher={MIT Press}
}

@inproceedings{liang10programs,
  author = {P. Liang and M. I. Jordan and D. Klein},
  booktitle = {International Conference on Machine Learning (ICML)},
  pages = {639--646},
  title = {Learning Programs: A Hierarchical {B}ayesian Approach},
  year = {2010},
}

@article{Briggs:2008,
 author = {Briggs, Forrest and O'Neill, Melissa},
 title = {Functional genetic programming and exhaustive program search with combinator expressions},
 journal = {Int. J. Know.-Based Intell. Eng. Syst.},
 issue_date = {January 2008},
 volume = {12},
 number = {1},
 month = jan,
 year = {2008},
 issn = {1327-2314},
 pages = {47--68},
 numpages = {22},
 url = {http://dl.acm.org/citation.cfm?id=1375341.1375345},
 acmid = {1375345},
 publisher = {IOS Press},
 address = {Amsterdam, The Netherlands, The Netherlands},
}

@book{Pierce_2002, 
place={Cambridge, MA},                  
edition=1, 
title={Types and Programming Languages}, 
ISBN=0262162091, 
publisher={The MIT Press}, 
author={Pierce, Benjamin C.}, 
year=2002, 
pages=645}

@article{ nilsson1982principles,
  title={Principles of artificial intelligence},
  author={Nilsson, N.J.},
  journal={Symbolic Computation, Berlin: Springer, 1982},
  volume={1},
  year={1982}
}

@inproceedings{DBLP:conf/sfp/Katayama05,
  author    = {Susumu Katayama},
  title     = {Systematic search for lambda expressions},
  booktitle = {Trends in Functional Programming},
  year      = {2005},
  pages     = {111-126},
  crossref  = {DBLP:conf/sfp/2005},
  bibsource = {DBLP, http://dblp.uni-trier.de}
}

@proceedings{DBLP:conf/sfp/2005,
  editor    = {Marko C. J. D. van Eekelen},
  title     = {Revised Selected Papers from the Sixth Symposium on Trends
               in Functional Programming, TFP 2005, Tallinn, Estonia, 23-24
               September 2005},
  booktitle = {Trends in Functional Programming},
  publisher = {Intellect},
  series    = {Trends in Functional Programming},
  volume    = {6},
  year      = {2007},
  isbn      = {978-1-84150-176-5},
  bibsource = {DBLP, http://dblp.uni-trier.de}
}



@inproceedings{DBLP:conf/aaip/YakushevJ09,
  author    = {Alexey Rodriguez Yakushev Johan Jeuring},
  title     = {Enumerating Well-Typed Terms Generically},
  booktitle = {AAIP},
  year      = 2009,
  pages     = {93-116},
  ee        = {http://dx.doi.org/10.1007/978-3-642-11931-6_5},
  crossref  = {DBLP:conf/aaip/2009},
  bibsource = {DBLP, http://dblp.uni-trier.de}
}

@proceedings{DBLP:conf/aaip/2009,
  editor    = {Ute Schmid and
               Emanuel Kitzelmann and
               Rinus Plasmeijer},
  title     = {Approaches and Applications of Inductive Programming, Third
               International Workshop, AAIP 2009, Edinburgh, UK, September
               4, 2009. Revised Papers},
  booktitle = {AAIP},
  publisher = {Springer},
  series    = {Lecture Notes in Computer Science},
  volume    = {5812},
  year      = {2010},
  isbn      = {978-3-642-11930-9},
  ee        = {http://dx.doi.org/10.1007/978-3-642-11931-6},
  bibsource = {DBLP, http://dblp.uni-trier.de}
}


@INPROCEEDINGS{Quinlan93foil:a,
    author = {J. R. Quinlan and R. M. Cameron-jones},
    title = {FOIL: A Midterm Report},
    booktitle = {In Proceedings of the European Conference on Machine Learning},
    year = 1993,
    pages = {3--20},
    publisher = {Springer-Verlag}
}

@inproceedings{DBLP:conf/ijcai/Rendell85,
  author    = {Larry A. Rendell},
  title     = {Substantial Constructive Induction Using Layered Information
               Compression: Tractable Feature Formation in Search},
  booktitle = {IJCAI},
  year      = {1985},
  pages     = {650-658},
  crossref  = {DBLP:conf/ijcai/1985},
  bibsource = {DBLP, http://dblp.uni-trier.de}
}

@proceedings{DBLP:conf/ijcai/1985,
  editor    = {Aravind K. Joshi},
  title     = {Proceedings of the 9th International Joint Conference on
               Artificial Intelligence. Los Angeles, CA, August 1985},
  booktitle = {IJCAI},
  publisher = {Morgan Kaufmann},
  year      = {1985},
  bibsource = {DBLP, http://dblp.uni-trier.de}
}

@inproceedings{DBLP:conf/ijcai/Muggleton87,
  author    = {Stephen Muggleton},
  title     = {Duce, An Oracle-based Approach to Constructive Induction},
  booktitle = {IJCAI},
  year      = {1987},
  pages     = {287-292},
  crossref  = {DBLP:conf/ijcai/1987},
  bibsource = {DBLP, http://dblp.uni-trier.de}
}

@proceedings{DBLP:conf/ijcai/1987,
  editor    = {John P. McDermott},
  title     = {Proceedings of the 10th International Joint Conference on
               Artificial Intelligence. Milan, Italy, August 1987},
  booktitle = {IJCAI},
  publisher = {Morgan Kaufmann},
  year      = {1987},
  bibsource = {DBLP, http://dblp.uni-trier.de}
}


@inproceedings{DBLP:conf/icml/BengioLCW09,
  author    = {Yoshua Bengio and
               J{\'e}r{\^o}me Louradour and
               Ronan Collobert and
               Jason Weston},
  title     = {Curriculum learning},
  booktitle = {ICML},
  year      = {2009},
  pages     = {6},
  ee        = {http://doi.acm.org/10.1145/1553374.1553380},
  crossref  = {DBLP:conf/icml/2009},
  bibsource = {DBLP, http://dblp.uni-trier.de}
}

@proceedings{DBLP:conf/icml/2009,
  editor    = {Andrea Pohoreckyj Danyluk and
               L{\'e}on Bottou and
               Michael L. Littman},
  title     = {Proceedings of the 26th Annual International Conference
               on Machine Learning, ICML 2009, Montreal, Quebec, Canada,
               June 14-18, 2009},
  booktitle = {ICML},
  publisher = {ACM},
  series    = {ACM International Conference Proceeding Series},
  volume    = {382},
  year      = {2009},
  isbn      = {978-1-60558-516-1},
  bibsource = {DBLP, http://dblp.uni-trier.de}
}

@article{Krueger2009380,
title = "Flexible shaping: How learning in small steps helps",
journal = "Cognition",
volume = "110",
number = "3",
pages = "380 - 394",
year = "2009",
note = "",
issn = "0010-0277",
doi = "10.1016/j.cognition.2008.11.014",
url = "http://www.sciencedirect.com/science/article/pii/S0010027708002850",
author = "Kai A. Krueger and Peter Dayan",
keywords = "PFC",
keywords = "Gating",
keywords = "Shaping",
keywords = "Sequence learning",
keywords = "Computational modeling"
}

@book{feldman1969grammatical,
  title={Grammatical complexity and inference},
  author={Feldman, J.A. and Gips, J. and Horning, J.J. and Reder, S.},
  year={1969},
  publisher={Stanford University}
}

@book{DBLP:books/daglib/0070933,
  author    = {John R. Koza},
  title     = {Genetic programming - on the programming of computers by
               means of natural selection},
  publisher = {MIT Press},
  series    = {Complex adaptive systems},
  year      = {1993},
  isbn      = {978-0-262-11170-6},
  pages     = {I-XVIII, 1-419},
  bibsource = {DBLP, http://dblp.uni-trier.de}
}

@book{simon1996sciences,
  title={The Sciences of the Artificial},
  author={Simon, H.A.},
  isbn={9780262691918},
  lccn={96126333},
  url={http://books.google.com/books?id=k5Sr0nFw7psC},
  year={1996},
  publisher={Mit Press}
}

@inproceedings{DBLP:conf/ilp/KhanMP98,
  author    = {Khalid Khan and
               Stephen Muggleton and
               Rupert Parson},
  title     = {Repeat Learning Using Predicate Invention},
  booktitle = {ILP},
  year      = {1998},
  pages     = {165-174},
  ee        = {http://dx.doi.org/10.1007/BFb0027320},
  crossref  = {DBLP:conf/ilp/1998},
  bibsource = {DBLP, http://dblp.uni-trier.de}
}
@proceedings{DBLP:conf/ilp/1998,
  editor    = {David Page},
  title     = {Inductive Logic Programming, 8th International Workshop,
               ILP-98, Madison, Wisconsin, USA, July 22-24, 1998, Proceedings},
  booktitle = {ILP},
  publisher = {Springer},
  series    = {Lecture Notes in Computer Science},
  volume    = {1446},
  year      = {1998},
  isbn      = {3-540-64738-4},
  bibsource = {DBLP, http://dblp.uni-trier.de}
}
