@inproceedings{DBLP:conf/nips/JohnsonGG06 ,
  author    = {Mark Johnson and
               Thomas L. Griffiths and
               Sharon Goldwater},
  title     = {Adaptor Grammars: A Framework for Specifying Compositional
               Nonparametric Bayesian Models},
  booktitle = {NIPS},
  year      = {2006},
  pages     = {641-648},
  ee        = {http://books.nips.cc/papers/files/nips19/NIPS2006_0064.pdf},
  crossref  = {DBLP:conf/nips/2006},
  bibsource = {DBLP, http://dblp.uni-trier.de}
}
@proceedings{DBLP:conf/nips/2006,
  editor    = {Bernhard Sch{\"o}lkopf and
               John C. Platt and
               Thomas Hoffman},
  title     = {Advances in Neural Information Processing Systems 19, Proceedings
               of the Twentieth Annual Conference on Neural Information
               Processing Systems, Vancouver, British Columbia, Canada,
               December 4-7, 2006},
  booktitle = {NIPS},
  publisher = {MIT Press},
  year      = {2007},
  isbn      = {0-262-19568-2},
  bibsource = {DBLP, http://dblp.uni-trier.de}
}