%% This BibTeX bibliography file was created using BibDesk.
%% http://bibdesk.sourceforge.net/


%% Created for Eyal Dechter at 2013-10-22 17:31:36 -0400 


%% Saved with string encoding Unicode (UTF-8) 



@article{adams-wallach-ghahramani-2010a,
	Abstract = {Deep belief networks are a powerful way to model complex probability distributions. However, learning the structure of a belief network, particularly one with hidden units, is difficult. The Indian buffet process has been used as a nonparametric Bayesian prior on the directed structure of a belief network with a single infinitely wide hidden layer. In this paper, we introduce the cascading Indian buffet process (CIBP), which provides a nonparametric prior on the structure of a layered, directed belief network that is unbounded in both depth and width, yet allows tractable inference. We use the CIBP prior with the nonlinear Gaussian belief network so each unit can additionally vary its behavior between discrete and continuous representations. We provide Markov chain Monte Carlo algorithms for inference in these belief networks and explore the structures learned on several image data sets.},
	Author = {Ryan Prescott Adams and Hanna M. Wallach and Zoubin Ghahramani},
	Date-Added = {2013-10-22 17:18:21 +0000},
	Date-Modified = {2013-10-22 17:18:37 +0000},
	Journal = {Journal of Machine Learning Research: Workshop and Conference Proceedings (AISTATS)},
	Keywords = {bayesian nonparametrics, graphical models, highlighted, indian buffet process, graphical model structure learning},
	Month = {05/2010},
	Title = {Learning the Structure of Deep Sparse Graphical Models},
	Url = {http://hips.seas.harvard.edu/files/w/papers/adams-wallach-ghahramani-2010a.pdf},
	Volume = {9},
	Year = {2010},
	Bdsk-Url-1 = {http://hips.seas.harvard.edu/files/w/papers/adams-wallach-ghahramani-2010a.pdf}}

@book{DBLP:books/daglib/0066829,
	Author = {Judea Pearl},
	Bibsource = {DBLP, http://dblp.uni-trier.de},
	Date-Added = {2013-10-22 17:14:07 +0000},
	Date-Modified = {2013-10-22 17:14:16 +0000},
	Keywords = {graphical models, bayesian networks},
	Pages = {I-XIX, 1-552},
	Publisher = {Morgan Kaufmann},
	Series = {Morgan Kaufmann series in representation and reasoning},
	Title = {Probabilistic reasoning in intelligent systems - networks of plausible inference},
	Year = {1989}}

@article{ISI:A1995RX35400001,
	Author = {HECKERMAN, D and GEIGER, D and CHICKERING, DM},
	Date-Added = {2013-10-22 17:10:06 +0000},
	Date-Modified = {2013-10-22 17:10:16 +0000},
	Doi = {{10.1023/A:1022623210503}},
	Issn = {{0885-6125}},
	Journal = {{MACHINE LEARNING}},
	Keywords = {graphical model structure learning, bayesian networks},
	Month = {{SEP}},
	Number = {{3}},
	Pages = {{197-243}},
	Title = {{LEARNING BAYESIAN NETWORKS - THE COMBINATION OF KNOWLEDGE AND STATISTICAL-DATA}},
	Unique-Id = {{ISI:A1995RX35400001}},
	Volume = {{20}},
	Year = {{1995}},
	Bdsk-Url-1 = {http://dx.doi.org/10.1023/A:1022623210503%7D}}

@article{DBLP:journals/neco/Redlich93,
	Author = {A. Norman Redlich},
	Bibsource = {DBLP, http://dblp.uni-trier.de},
	Date-Added = {2013-10-22 14:50:24 +0000},
	Date-Modified = {2013-10-22 14:50:48 +0000},
	Ee = {http://dx.doi.org/10.1162/neco.1993.5.2.289},
	Journal = {Neural Computation},
	Keywords = {unsupervised learning, compression},
	Number = {2},
	Pages = {289-304},
	Title = {Redundancy Reduction as a Strategy for Unsupervised Learning},
	Volume = {5},
	Year = {1993}}

@article{ISI:000303923300006,
	Article-Number = {{S5}},
	Author = {Razavian, Narges Sharif and Kamisetty, Hetunandan and Langmead, Christopher J.},
	Date-Added = {2013-10-22 12:44:28 +0000},
	Date-Modified = {2013-10-22 12:47:06 +0000},
	Doi = {{10.1186/1471-2164-13-S1-S5}},
	Issn = {{1471-2164}},
	Journal = {{BMC GENOMICS}},
	Keywords = {drug discovery, structure learning, graphical model structure learning},
	Month = {{JAN 17}},
	Number = {{1}},
	Times-Cited = {{0}},
	Title = {{Learning generative models of molecular dynamics}},
	Unique-Id = {{ISI:000303923300006}},
	Volume = {{13}},
	Year = {{2012}},
	Bdsk-Url-1 = {http://dx.doi.org/10.1186/1471-2164-13-S1-S5%7D}}

@article{ISI:000288138700004,
	Author = {Balakrishnan, Sivaraman and Kamisetty, Hetunandan and Carbonell, Jaime G. and Lee, Su-In and Langmead, Christopher James},
	Date-Added = {2013-10-22 12:44:28 +0000},
	Date-Modified = {2013-10-22 12:46:53 +0000},
	Doi = {{10.1002/prot.22934}},
	Issn = {{0887-3585}},
	Journal = {{PROTEINS-STRUCTURE FUNCTION AND BIOINFORMATICS}},
	Keywords = {drug discovery, structure learning, graphical model structure learning},
	Month = {{APR}},
	Number = {{4}},
	Pages = {{1061-1078}},
	Times-Cited = {{9}},
	Title = {{Learning generative models for protein fold families}},
	Unique-Id = {{ISI:000288138700004}},
	Volume = {{79}},
	Year = {{2011}},
	Bdsk-Url-1 = {http://dx.doi.org/10.1002/prot.22934%7D}}

@article{ISI:000278692300005,
	Author = {Nielsen, Jens D. and Rumi, Rafael and Salmeron, Antonio},
	Date-Added = {2013-10-22 12:44:28 +0000},
	Date-Modified = {2013-10-22 12:46:40 +0000},
	Doi = {{10.1016/j.ijar.2010.01.010}},
	Issn = {{0888-613X}},
	Journal = {{INTERNATIONAL JOURNAL OF APPROXIMATE REASONING}},
	Keywords = {graphical model structure learning},
	Month = {{JUN}},
	Note = {{4th European Workshop on Probabilistic Graphical Models, Hirtshals, DENMARK, SEP 17-19, 2008}},
	Number = {{5, SI}},
	Pages = {{515-530}},
	Times-Cited = {{1}},
	Title = {{Structural-EM for learning PDG models from incomplete data}},
	Unique-Id = {{ISI:000278692300005}},
	Volume = {{51}},
	Year = {{2010}},
	Bdsk-Url-1 = {http://dx.doi.org/10.1016/j.ijar.2010.01.010%7D}}

@article{ISI:000273609600008,
	Author = {Ommer, Bjoern and Buhmann, Joachim M.},
	Date-Added = {2013-10-22 12:44:28 +0000},
	Date-Modified = {2013-10-22 12:46:29 +0000},
	Doi = {{10.1109/TPAMI.2009.22}},
	Issn = {{0162-8828}},
	Journal = {{IEEE TRANSACTIONS ON PATTERN ANALYSIS AND MACHINE INTELLIGENCE}},
	Keywords = {computer vision, structure learning},
	Month = {{MAR}},
	Number = {{3}},
	Pages = {{501-516}},
	Times-Cited = {{10}},
	Title = {{Learning the Compositional Nature of Visual Object Categories for Recognition}},
	Unique-Id = {{ISI:000273609600008}},
	Volume = {{32}},
	Year = {{2010}},
	Bdsk-Url-1 = {http://dx.doi.org/10.1109/TPAMI.2009.22%7D}}

@article{ISI:000240797500002,
	Author = {Tsamardinos, Ioannis and Brown, Laura E. and Aliferis, Constantin F.},
	Date-Added = {2013-10-22 12:44:28 +0000},
	Date-Modified = {2013-10-22 12:46:12 +0000},
	Doi = {{10.1007/s10994-006-6889-7}},
	Issn = {{0885-6125}},
	Journal = {{MACHINE LEARNING}},
	Keywords = {bayesian networks, graphical model structure learning},
	Month = {{OCT}},
	Number = {{1}},
	Pages = {{31-78}},
	Times-Cited = {{135}},
	Title = {{The max-min hill-climbing Bayesian network structure learning algorithm}},
	Unique-Id = {{ISI:000240797500002}},
	Volume = {{65}},
	Year = {{2006}},
	Bdsk-Url-1 = {http://dx.doi.org/10.1007/s10994-006-6889-7%7D}}

@article{ISI:000233177500009,
	Author = {Ralaivola, L and Swamidass, SJ and Saigo, H and Baldi, P},
	Date-Added = {2013-10-22 12:44:28 +0000},
	Date-Modified = {2013-10-22 12:46:03 +0000},
	Doi = {{10.1016/j.neunet.2005.07.009}},
	Issn = {{0893-6080}},
	Journal = {{NEURAL NETWORKS}},
	Keywords = {drug discovery, graph kernels, structure learning},
	Month = {{OCT}},
	Number = {{8}},
	Pages = {{1093-1110}},
	Times-Cited = {{81}},
	Title = {{Graph kernels for chemical informatics}},
	Unique-Id = {{ISI:000233177500009}},
	Volume = {{18}},
	Year = {{2005}},
	Bdsk-Url-1 = {http://dx.doi.org/10.1016/j.neunet.2005.07.009%7D}}

@article{ISI:000178037200004,
	Author = {Friedman, N and Koller, D},
	Date-Added = {2013-10-22 12:44:28 +0000},
	Date-Modified = {2013-10-22 12:45:44 +0000},
	Doi = {{10.1023/A:1020249912095}},
	Issn = {{0885-6125}},
	Journal = {{MACHINE LEARNING}},
	Keywords = {bayesian networks, graphical model structure learning},
	Month = {{JAN-FEB}},
	Number = {{1-2}},
	Pages = {{95-125}},
	Researcherid-Numbers = {{Friedman, Nir/H-9692-2012}},
	Times-Cited = {{196}},
	Title = {{Being Bayesian about network structure. A Bayesian approach to structure discovery in Bayesian networks}},
	Unique-Id = {{ISI:000178037200004}},
	Volume = {{50}},
	Year = {{2003}},
	Bdsk-Url-1 = {http://dx.doi.org/10.1023/A:1020249912095%7D}}

@article{ISI:A1996UK68200002,
	Author = {Buntine, W},
	Date-Added = {2013-10-22 12:44:28 +0000},
	Date-Modified = {2013-10-22 12:45:35 +0000},
	Doi = {{10.1109/69.494161}},
	Issn = {{1041-4347}},
	Journal = {{IEEE TRANSACTIONS ON KNOWLEDGE AND DATA ENGINEERING}},
	Keywords = {graphical model structure learning, bayesian networks},
	Month = {{APR}},
	Number = {{2}},
	Pages = {{195-210}},
	Times-Cited = {{174}},
	Title = {{A guide to the literature on learning probabilistic networks from data}},
	Unique-Id = {{ISI:A1996UK68200002}},
	Volume = {{8}},
	Year = {{1996}},
	Bdsk-Url-1 = {http://dx.doi.org/10.1109/69.494161%7D}}

@article{ISI:A1994QA06400001,
	Author = {JAIN, AN and DIETTERICH, TG and LATHROP, RH and CHAPMAN, D and CRITCHLOW, RE and BAUER, BE and WEBSTER, TA and LOZANOPEREZ, T},
	Date-Added = {2013-10-22 12:44:28 +0000},
	Date-Modified = {2013-10-22 12:45:09 +0000},
	Doi = {{10.1007/BF00124012}},
	Issn = {{0920-654X}},
	Journal = {{JOURNAL OF COMPUTER-AIDED MOLECULAR DESIGN}},
	Keywords = {drug discovery, structure learning},
	Month = {{DEC}},
	Number = {{6}},
	Orcid-Numbers = {{Lozano-Perez, Tomas/0000-0002-8657-2450}},
	Pages = {{635-652}},
	Researcherid-Numbers = {{Lozano-Perez, Tomas/J-9374-2012}},
	Times-Cited = {{80}},
	Title = {{COMPASS - A SHAPE-BASED MACHINE LEARNING TOOL FOR DRUG DESIGN}},
	Unique-Id = {{ISI:A1994QA06400001}},
	Volume = {{8}},
	Year = {{1994}},
	Bdsk-Url-1 = {http://dx.doi.org/10.1007/BF00124012%7D}}

@article{DBLP:journals/jair/Buntine94,
	Author = {Wray L. Buntine},
	Bibsource = {DBLP, http://dblp.uni-trier.de},
	Date-Added = {2013-10-22 03:09:47 +0000},
	Date-Modified = {2013-10-22 03:09:53 +0000},
	Ee = {http://dx.doi.org/10.1613/jair.62},
	Journal = {J. Artif. Intell. Res. (JAIR)},
	Keywords = {plate notation},
	Pages = {159-225},
	Title = {Operations for Learning with Graphical Models},
	Volume = {2},
	Year = {1994}}

@article{DBLP:journals/jmlr/BleiNJ03,
	Author = {David M. Blei and Andrew Y. Ng and Michael I. Jordan},
	Bibsource = {DBLP, http://dblp.uni-trier.de},
	Date-Added = {2013-10-22 02:05:28 +0000},
	Date-Modified = {2013-10-22 02:05:55 +0000},
	Ee = {http://www.jmlr.org/papers/v3/blei03a.html},
	Journal = {Journal of Machine Learning Research},
	Keywords = {LDA, machine learning, topic models},
	Pages = {993-1022},
	Title = {Latent Dirichlet Allocation},
	Volume = {3},
	Year = {2003},
	Bdsk-File-1 = {YnBsaXN0MDDUAQIDBAUGJCVYJHZlcnNpb25YJG9iamVjdHNZJGFyY2hpdmVyVCR0b3ASAAGGoKgHCBMUFRYaIVUkbnVsbNMJCgsMDxJXTlMua2V5c1pOUy5vYmplY3RzViRjbGFzc6INDoACgAOiEBGABIAFgAdccmVsYXRpdmVQYXRoWWFsaWFzRGF0YV8QMC4uLy4uLy4uLy4uLy4uL0dvb2dsZSBEcml2ZS9MaWJyYXJ5L0JsZWlOSjAzLnBkZtIXCxgZV05TLmRhdGFPEQGUAAAAAAGUAAIAAAxNYWNpbnRvc2ggSEQAAAAAAAAAAAAAAAAAAADMMNqySCsAAAAG/rEMQmxlaU5KMDMucGRmAAAAAAAAAAAAAAAAAAAAAAAAAAAAAAAAAAAAAAAAAAAAAAAAAAAAAAAAAAAAAAAAAAAAAbsctc6LVbsAAAAAAAAAAAAFAAMAAAkgAAAAAAAAAAAAAAAAAAAAB0xpYnJhcnkAABAACAAAzDES8gAAABEACAAAzouN+wAAAAEAEAAG/rEAa9kbAAZjpAACDfkAAgBBTWFjaW50b3NoIEhEOlVzZXJzOgBlZGVjaHRlcjoAR29vZ2xlIERyaXZlOgBMaWJyYXJ5OgBCbGVpTkowMy5wZGYAAA4AGgAMAEIAbABlAGkATgBKADAAMwAuAHAAZABmAA8AGgAMAE0AYQBjAGkAbgB0AG8AcwBoACAASABEABIAMFVzZXJzL2VkZWNodGVyL0dvb2dsZSBEcml2ZS9MaWJyYXJ5L0JsZWlOSjAzLnBkZgATAAEvAAAVAAIAD///AACABtIbHB0eWiRjbGFzc25hbWVYJGNsYXNzZXNdTlNNdXRhYmxlRGF0YaMdHyBWTlNEYXRhWE5TT2JqZWN00hscIiNcTlNEaWN0aW9uYXJ5oiIgXxAPTlNLZXllZEFyY2hpdmVy0SYnVHJvb3SAAQAIABEAGgAjAC0AMgA3AEAARgBNAFUAYABnAGoAbABuAHEAcwB1AHcAhACOAMEAxgDOAmYCaAJtAngCgQKPApMCmgKjAqgCtQK4AsoCzQLSAAAAAAAAAgEAAAAAAAAAKAAAAAAAAAAAAAAAAAAAAtQ=}}

@inproceedings{DBLP:conf/birthday/Shapiro91,
	Author = {Ehud Y. Shapiro},
	Bibsource = {DBLP, http://dblp.uni-trier.de},
	Booktitle = {Computational Logic - Essays in Honor of Alan Robinson},
	Date-Added = {2013-10-21 18:15:18 +0000},
	Date-Modified = {2013-10-21 18:19:57 +0000},
	Keywords = {ILP, inductive programming, theory learning},
	Pages = {199-254},
	Title = {Inductive Inference of Theories from Facts},
	Year = {1991},
	Bdsk-File-1 = {YnBsaXN0MDDUAQIDBAUGJCVYJHZlcnNpb25YJG9iamVjdHNZJGFyY2hpdmVyVCR0b3ASAAGGoKgHCBMUFRYaIVUkbnVsbNMJCgsMDxJXTlMua2V5c1pOUy5vYmplY3RzViRjbGFzc6INDoACgAOiEBGABIAFgAdccmVsYXRpdmVQYXRoWWFsaWFzRGF0YV8QLS4uLy4uLy4uLy4uLy4uL0dvb2dsZSBEcml2ZS9MaWJyYXJ5L3RyMTkyLnBkZtIXCxgZV05TLmRhdGFPEQGIAAAAAAGIAAIAAAxNYWNpbnRvc2ggSEQAAAAAAAAAAAAAAAAAAADMMNqySCsAAAAG/rEJdHIxOTIucGRmAAAAAAAAAAAAAAAAAAAAAAAAAAAAAAAAAAAAAAAAAAAAAAAAAAAAAAAAAAAAAAAAAAAAAAAAAbqzms6K55hQREYgAAAAAAAFAAMAAAkgAAAAAAAAAAAAAAAAAAAAB0xpYnJhcnkAABAACAAAzDES8gAAABEACAAAzosf2AAAAAEAEAAG/rEAa9kbAAZjpAACDfkAAgA+TWFjaW50b3NoIEhEOlVzZXJzOgBlZGVjaHRlcjoAR29vZ2xlIERyaXZlOgBMaWJyYXJ5OgB0cjE5Mi5wZGYADgAUAAkAdAByADEAOQAyAC4AcABkAGYADwAaAAwATQBhAGMAaQBuAHQAbwBzAGgAIABIAEQAEgAtVXNlcnMvZWRlY2h0ZXIvR29vZ2xlIERyaXZlL0xpYnJhcnkvdHIxOTIucGRmAAATAAEvAAAVAAIAD///AACABtIbHB0eWiRjbGFzc25hbWVYJGNsYXNzZXNdTlNNdXRhYmxlRGF0YaMdHyBWTlNEYXRhWE5TT2JqZWN00hscIiNcTlNEaWN0aW9uYXJ5oiIgXxAPTlNLZXllZEFyY2hpdmVy0SYnVHJvb3SAAQAIABEAGgAjAC0AMgA3AEAARgBNAFUAYABnAGoAbABuAHEAcwB1AHcAhACOAL4AwwDLAlcCWQJeAmkCcgKAAoQCiwKUApkCpgKpArsCvgLDAAAAAAAAAgEAAAAAAAAAKAAAAAAAAAAAAAAAAAAAAsU=}}

@proceedings{DBLP:conf/ijcai/1981,
	Bibsource = {DBLP, http://dblp.uni-trier.de},
	Booktitle = {IJCAI},
	Date-Added = {2013-10-21 17:54:01 +0000},
	Date-Modified = {2013-10-21 17:56:38 +0000},
	Editor = {Patrick J. Hayes},
	Keywords = {AI, inductive programming, ILP},
	Publisher = {William Kaufmann},
	Title = {Proceedings of the 7th International Joint Conference on Artificial Intelligence (IJCAI '81), Vancouver, BC, Canada, August 1981},
	Year = {1981}}

@article{DBLP:journals/iandc/Gold67,
	Author = {E. Mark Gold},
	Bibsource = {DBLP, http://dblp.uni-trier.de},
	Date-Added = {2013-10-21 13:29:25 +0000},
	Date-Modified = {2013-10-21 13:29:34 +0000},
	Ee = {http://dx.doi.org/10.1016/S0019-9958(67)91165-5},
	Journal = {Information and Control},
	Keywords = {language identification},
	Number = {5},
	Pages = {447-474},
	Title = {Language Identification in the Limit},
	Volume = {10},
	Year = {1967}}

@book{earl1966experiments,
	Author = {Earl B. Hunt and Janet Marin and Philip J. Stone},
	Date-Added = {2013-10-21 13:28:08 +0000},
	Date-Modified = {2013-10-21 13:28:49 +0000},
	Keywords = {concept learning, AI, induction},
	Lccn = {lc65026400},
	Publisher = {Academic Press},
	Title = {Experiments in induction},
	Url = {http://books.google.com/books?id=sQoLAAAAMAAJ},
	Year = {1966},
	Bdsk-Url-1 = {http://books.google.com/books?id=sQoLAAAAMAAJ}}

@book{BrunerGoodnowAustin56,
	Added-At = {2008-09-16T23:39:07.000+0200},
	Address = {New York},
	Author = {Bruner, J. S and Goodnow, J. J. and Austin, G. A.},
	Biburl = {http://www.bibsonomy.org/bibtex/2eba35f59fd1295a72191f02a05c6c9dd/brian.mingus},
	Date-Added = {2013-10-21 13:17:46 +0000},
	Date-Modified = {2013-10-21 13:18:36 +0000},
	Description = {CCNLab BibTeX},
	Interhash = {b1cf8b4ec6ab1de3798f45279ec3996f},
	Intrahash = {eba35f59fd1295a72191f02a05c6c9dd},
	Keywords = {cognition, concept learning, },
	Publisher = {John Wiley},
	Timestamp = {2008-09-16T23:39:07.000+0200},
	Title = {A study of thinking},
	Year = 1956}

@book{DBLP:books/daglib/0070933,
	Author = {John R. Koza},
	Bibsource = {DBLP, http://dblp.uni-trier.de},
	Date-Added = {2013-10-21 13:16:56 +0000},
	Date-Modified = {2013-10-21 13:17:04 +0000},
	Isbn = {978-0-262-11170-6},
	Keywords = {genetic programming},
	Pages = {I-XVIII, 1-419},
	Publisher = {MIT Press},
	Series = {Complex adaptive systems},
	Title = {Genetic programming - on the programming of computers by means of natural selection},
	Year = {1993}}

@inproceedings{DBLP:conf/aips/SchmidW00,
	Author = {Ute Schmid and Fritz Wysotzki},
	Bibsource = {DBLP, http://dblp.uni-trier.de},
	Booktitle = {AIPS},
	Crossref = {DBLP:conf/aips/2000},
	Date-Added = {2013-10-21 13:15:56 +0000},
	Date-Modified = {2013-10-21 13:16:19 +0000},
	Ee = {http://www.aaai.org/Library/AIPS/2000/aips00-041.php},
	Keywords = {inductive programming, program synthesis, macro learning, planning},
	Pages = {371-378},
	Title = {Applying Inductive Program Synthesis to Macro Learning},
	Year = {2000}}

@proceedings{DBLP:conf/aips/2000,
	Bibsource = {DBLP, http://dblp.uni-trier.de},
	Booktitle = {AIPS},
	Date-Added = {2013-10-21 13:15:56 +0000},
	Date-Modified = {2013-10-21 13:15:56 +0000},
	Editor = {Steve Chien and Subbarao Kambhampati and Craig A. Knoblock},
	Isbn = {1-57735-111-8},
	Publisher = {AAAI},
	Title = {Proceedings of the Fifth International Conference on Artificial Intelligence Planning Systems, Breckenridge, CO, USA, April 14-17, 2000},
	Year = {2000}}

@techreport{mccarthy_j1:1963a,
	Address = {Stanford University},
	Author = {John McCarthy},
	Contentnote = {This is the original situation calculus paper.},
	Date-Added = {2013-10-21 13:10:06 +0000},
	Date-Modified = {2013-10-21 13:10:21 +0000},
	Institution = {Stanford Artificial Intelligence Project},
	Keywords = {situation calculus},
	Number = {Memo 2},
	Title = {Situations, Actions, and Causal Laws},
	Topic = {situation-calculus;action-formalisms;planning-formalisms;},
	Year = {1983}}

@article{DBLP:journals/jar/MannaW87,
	Author = {Zohar Manna and Richard J. Waldinger},
	Bibsource = {DBLP, http://dblp.uni-trier.de},
	Date-Added = {2013-10-21 13:06:56 +0000},
	Date-Modified = {2013-10-21 13:07:14 +0000},
	Ee = {http://dx.doi.org/10.1007/BF00247434},
	Journal = {J. Autom. Reasoning},
	Keywords = {planning, blocks-world},
	Number = {4},
	Pages = {343-377},
	Title = {How to Clear a Block: A Theory of Plans},
	Volume = {3},
	Year = {1987}}

@inproceedings{DBLP:conf/kr/MartinG00,
	Author = {Mario Martin and Hector Geffner},
	Bibsource = {DBLP, http://dblp.uni-trier.de},
	Booktitle = {KR},
	Crossref = {DBLP:conf/kr/2000},
	Date-Added = {2013-10-21 13:02:44 +0000},
	Date-Modified = {2013-10-21 13:03:03 +0000},
	Keywords = {planning, macro learning, generalization},
	Pages = {667-677},
	Title = {Learning Generalized Policies in Planning Using Concept Languages},
	Year = {2000}}

@proceedings{DBLP:conf/kr/2000,
	Bibsource = {DBLP, http://dblp.uni-trier.de},
	Booktitle = {KR},
	Date-Added = {2013-10-21 13:02:44 +0000},
	Date-Modified = {2013-10-21 13:02:44 +0000},
	Editor = {Anthony G. Cohn and Fausto Giunchiglia and Bart Selman},
	Publisher = {Morgan Kaufmann},
	Title = {KR 2000, Principles of Knowledge Representation and Reasoning Proceedings of the Seventh International Conference, Breckenridge, Colorado, USA, April 11-15, 2000},
	Year = {2000}}

@article{DBLP:journals/ml/Shavlik90,
	Author = {Jude W. Shavlik},
	Bibsource = {DBLP, http://dblp.uni-trier.de},
	Date-Added = {2013-10-21 13:01:21 +0000},
	Date-Modified = {2013-10-21 13:01:49 +0000},
	Ee = {http://dx.doi.org/10.1007/BF00115894},
	Journal = {Machine Learning},
	Keywords = {planning, macro learning, explanation-based learning},
	Pages = {39-40},
	Title = {Acquiring Recursive and Iterative Concepts with Explanation-Based Learning},
	Volume = {5},
	Year = {1990}}

@inproceedings{DBLP:conf/ijcai/ShellC89,
	Author = {Peter Shell and Jaime G. Carbonell},
	Bibsource = {DBLP, http://dblp.uni-trier.de},
	Booktitle = {IJCAI},
	Crossref = {DBLP:conf/ijcai/1989},
	Date-Added = {2013-10-21 13:00:13 +0000},
	Date-Modified = {2013-10-21 13:00:29 +0000},
	Keywords = {planning, macro learning},
	Pages = {596-602},
	Title = {Towards a General Framework for Composing Disjunctive and Iterative Macro-operators},
	Year = {1989}}

@proceedings{DBLP:conf/ijcai/1989,
	Bibsource = {DBLP, http://dblp.uni-trier.de},
	Booktitle = {IJCAI},
	Date-Added = {2013-10-21 13:00:13 +0000},
	Date-Modified = {2013-10-21 13:00:13 +0000},
	Editor = {N. S. Sridharan},
	Isbn = {1-55860-094-9},
	Publisher = {Morgan Kaufmann},
	Title = {Proceedings of the 11th International Joint Conference on Artificial Intelligence. Detroit, MI, USA, August 1989},
	Year = {1989}}

@article{journals/ai/Korf85a,
	Added-At = {2011-06-30T00:00:00.000+0200},
	Author = {Korf, Richard E.},
	Biburl = {http://www.bibsonomy.org/bibtex/28e6fa7d61708960ffe65f4ff3c53b87e/dblp},
	Date-Added = {2013-10-21 12:58:11 +0000},
	Date-Modified = {2013-10-21 17:35:03 +0000},
	Ee = {http://dx.doi.org/10.1016/0004-3702(85)90012-8},
	Interhash = {336710310e3cc39dd81f02ae4e19fbb2},
	Intrahash = {8e6fa7d61708960ffe65f4ff3c53b87e},
	Journal = {Artif. Intell.},
	Keywords = {planning, macro learning},
	Number = 1,
	Pages = {35-77},
	Timestamp = {2011-06-30T00:00:00.000+0200},
	Title = {Macro-Operators: A Weak Method for Learning.},
	Url = {http://dblp.uni-trier.de/db/journals/ai/ai26.html#Korf85a},
	Volume = 26,
	Year = 1985,
	Bdsk-Url-1 = {http://dblp.uni-trier.de/db/journals/ai/ai26.html#Korf85a}}

@inproceedings{DBLP:conf/ijcai/Minton85,
	Author = {Steven Minton},
	Bibsource = {DBLP, http://dblp.uni-trier.de},
	Booktitle = {IJCAI},
	Crossref = {DBLP:conf/ijcai/1985},
	Date-Added = {2013-10-21 12:56:22 +0000},
	Date-Modified = {2013-10-21 12:57:10 +0000},
	Keywords = {planning, macro learning, problem solving},
	Pages = {596-599},
	Title = {Selectively Generalizing Plans for Problem-Solving},
	Year = {1985}}

@proceedings{DBLP:conf/ijcai/1985,
	Bibsource = {DBLP, http://dblp.uni-trier.de},
	Booktitle = {IJCAI},
	Date-Added = {2013-10-21 12:56:22 +0000},
	Date-Modified = {2013-10-21 12:56:22 +0000},
	Editor = {Aravind K. Joshi},
	Publisher = {Morgan Kaufmann},
	Title = {Proceedings of the 9th International Joint Conference on Artificial Intelligence. Los Angeles, CA, August 1985},
	Year = {1985}}

@article{kaplan1990search,
	Author = {Kaplan, Craig A and Simon, Herbert A},
	Date-Added = {2013-10-20 17:00:52 +0000},
	Date-Modified = {2013-10-20 17:01:25 +0000},
	Journal = {Cognitive psychology},
	Keywords = {cognition, problem solving, representation},
	Number = {3},
	Pages = {374--419},
	Publisher = {Elsevier},
	Title = {In search of insight},
	Volume = {22},
	Year = {1990}}

@article{journals/air/FlenerS08,
	Added-At = {2009-09-23T00:00:00.000+0200},
	Author = {Flener, Pierre and Schmid, Ute},
	Biburl = {http://www.bibsonomy.org/bibtex/20e9e930205b865dfb413b1c9d50d0c97/dblp},
	Date = {2009-09-23},
	Date-Added = {2013-10-20 16:59:32 +0000},
	Date-Modified = {2013-10-20 16:59:32 +0000},
	Description = {dblp},
	Ee = {http://dx.doi.org/10.1007/s10462-009-9108-7},
	Interhash = {8d1f4513d25949d3633799b6d823dfc1},
	Intrahash = {0e9e930205b865dfb413b1c9d50d0c97},
	Journal = {Artif. Intell. Rev.},
	Keywords = {inductive programming},
	Number = 1,
	Pages = {45-62},
	Timestamp = {2009-09-23T00:00:00.000+0200},
	Title = {An introduction to inductive programming.},
	Url = {http://dblp.uni-trier.de/db/journals/air/air29.html#FlenerS08},
	Volume = 29,
	Year = 2008,
	Bdsk-Url-1 = {http://dblp.uni-trier.de/db/journals/air/air29.html#FlenerS08}}

@incollection{RosenbloomNe86,
	Added-At = {2010-05-10T18:39:38.000+0200},
	Author = {Rosenbloom, Paul S. and Newell, Alan},
	Biburl = {http://www.bibsonomy.org/bibtex/2fb89fed0e6dca944a2ad5ee9fd31a3ab/emanuel},
	Booktitle = {Machine Learning: An Artificial Intelligence Approach},
	Chapter = 10,
	Date-Added = {2013-10-20 16:57:21 +0000},
	Date-Modified = {2013-10-20 16:57:37 +0000},
	Editor = {Michalski, Ryszard S. and Carbonell, Jaime G. and Mitchell, Tom M.},
	Interhash = {474dec58e63910e1df9897ab801d6e5f},
	Intrahash = {fb89fed0e6dca944a2ad5ee9fd31a3ab},
	Keywords = {cognition, chunking, planning, SOAR},
	Publisher = {Morgan Kaufmann Publishers},
	Timestamp = {2010-05-10T18:39:38.000+0200},
	Title = {The Chunking of Goal Hierarchies: A Generalized Model of Practice},
	Volume = 2,
	Year = 1986}

@book{anderson_atomic_1998,
	Added-At = {2009-09-10T09:59:19.000+0200},
	Address = {Mahwah, New Jersey},
	Author = {Anderson, J. R. and Lebiere, C.},
	Biburl = {http://www.bibsonomy.org/bibtex/201621e3af8c060df703e1ac0dbb63ffc/schweste},
	Date-Added = {2013-10-20 16:56:20 +0000},
	Date-Modified = {2013-10-20 16:56:20 +0000},
	Interhash = {03cfad41918431304ed51dfeb2041bbb},
	Intrahash = {01621e3af8c060df703e1ac0dbb63ffc},
	Keywords = {act act-r anderson},
	Publisher = {Lawrence Erlbaum associates},
	Timestamp = {2009-09-10T09:59:19.000+0200},
	Title = {The atomic components of thought},
	Year = 1998}

@article{DBLP:journals/cogsr/SchmidK11,
	Author = {Ute Schmid and Emanuel Kitzelmann},
	Bibsource = {DBLP, http://dblp.uni-trier.de},
	Date-Added = {2013-10-20 16:52:41 +0000},
	Date-Modified = {2013-10-20 16:53:48 +0000},
	Ee = {http://dx.doi.org/10.1016/j.cogsys.2010.12.002},
	Journal = {Cognitive Systems Research},
	Keywords = {Igor2, Inductive Functional Programming, Inductive Programming, Cognitive Science},
	Number = {3-4},
	Pages = {237-248},
	Rating = {4},
	Read = {1},
	Title = {Inductive rule learning on the knowledge level},
	Volume = {12},
	Year = {2011}}

@article{DBLP:journals/cogsr/SchmidRGF11,
	Author = {Ute Schmid and Marco Ragni and Cleotilde Gonzalez and Joachim Funke},
	Bibsource = {DBLP, http://dblp.uni-trier.de},
	Date-Added = {2013-10-20 16:52:07 +0000},
	Date-Modified = {2013-10-20 16:57:45 +0000},
	Ee = {http://dx.doi.org/10.1016/j.cogsys.2010.12.007},
	Journal = {Cognitive Systems Research},
	Keywords = {cognition, complexity},
	Number = {3-4},
	Pages = {211-218},
	Title = {The challenge of complexity for cognitive systems},
	Volume = {12},
	Year = {2011}}

@comment{BibDesk Static Groups{
<?xml version="1.0" encoding="UTF-8"?>
<!DOCTYPE plist PUBLIC "-//Apple//DTD PLIST 1.0//EN" "http://www.apple.com/DTDs/PropertyList-1.0.dtd">
<plist version="1.0">
<array>
	<dict>
		<key>group name</key>
		<string>graphical model structure learning</string>
		<key>keys</key>
		<string>ISI:000288138700004,ISI:000273609600008,ISI:000303923300006,ISI:000178037200004,adams-wallach-ghahramani-2010a,ISI:A1996UK68200002,ISI:000240797500002,ISI:000278692300005,ISI:A1994QA06400001,ISI:000233177500009,ISI:A1995RX35400001</string>
	</dict>
</array>
</plist>
}}
