@article{angluin1988queries,
  title={Queries and concept learning},
  author={Angluin, D.},
  journal={Machine learning},
  volume={2},
  number={4},
  pages={319--342},
  year={1988},
  publisher={Springer}
}
@article{valiant1984theory,
  title={A theory of the learnable},
  author={Valiant, L.G.},
  journal={Communications of the ACM},
  volume={27},
  number={11},
  pages={1134--1142},
  year={1984},
  publisher={ACM}
}

@inproceedings{shapiro1981algorithm,
  title={An algorithm that infers theories from facts},
  author={Shapiro, E.Y.},
  booktitle={Proceedings of the seventh international joint conference
                  on artificial intelligence},
  pages={446--451},
  year={1981}
}

@article{gold1965limiting,
  title={Limiting recursion},
  author={Gold, E.M.},
  journal={Journal of Symbolic Logic},
  pages={28--48},
  year={1965},
  publisher={JSTOR}
}

@article{gold1967language,
  title={Language identification in the limit},
  author={Gold, E.M.},
  journal={Information and control},
  volume={10},
  number={5},
  pages={447--474},
  year={1967},
  publisher={Elsevier}
}

@article{gold1978complexity,
  title={Complexity of automaton identification from given data},
  author={Gold, E.M.},
  journal={Information and control},
  volume={37},
  number={3},
  pages={302--320},
  year={1978},
  publisher={Elsevier}
}

@article{blum1975toward,
  title={Toward a mathematical theory of inductive inference},
  author={Blum, L. and Blum, M.},
  journal={Information and Control},
  volume={28},
  number={2},
  pages={125--155},
  year={1975},
  publisher={Elsevier}
} 

@book{girard1989proofs,
  title={Proofs and types},
  author={Girard, J.Y. and Taylor, P. and Lafont, Y.},
  volume={7},
  year={1989},
  publisher={Cambridge University Press Cambridge}
}

@article{divina2006evolutionary,
  title={Evolutionary concept learning in first order logic: An overview},
  author={Divina, F.},
  journal={AI communications},
  volume={19},
  number={1},
  pages={13--33},
  year={2006},
  publisher={IOS Press}
}

@article{church1940formulation,
  title={A formulation of the simple theory of types},
  author={Church, A.},
  journal={J. Symb. Log.},
  volume={5},
  number={2},
  pages={56--68},
  year={1940}
}

@book{hindley1972introduction,
  title={Introduction to combinatory logic},
  author={Hindley, J.R. and Lercher, B. and Seldin, J.P.},
  volume=7,
  year=1972,
  publisher={Cambridge University Press}
}

@inproceedings{briggs2006functional,
  title={Functional genetic programming with combinators},
  author={Briggs, F. and Oâ€™neill, M.},
  booktitle={Proceedings of the Third Asian-Pacific workshop on Genetic Programming, ASPGP},
  pages={110--127},
  year={2006}
}

@article{lohsimply,
  title={Simply Easy!},
  author={L{\"o}h, A. and McBride, C. and Swierstra, W.}
}

@article{nevill1997identifying ,
  title={Identifying Hierarchical Structure in Sequences: A linear-time algorithm},
  author={Nevill-Manning, C.G. and Witten, I.H.},
  journal={Journal of Artificial Intelligence Research},
  volume={7},
  pages={67--82},
  year={1997}
}

@article{johnson1998pcfg,
  title={PCFG models of linguistic tree representations},
  author={Johnson, M.},
  journal={Computational Linguistics},
  volume={24},
  number={4},
  pages={613--632},
  year={1998},
  publisher={MIT Press}
}

@inproceedings{liang10programs,
  author = {P. Liang and M. I. Jordan and D. Klein},
  booktitle = {International Conference on Machine Learning (ICML)},
  pages = {639--646},
  title = {Learning Programs: A Hierarchical {B}ayesian Approach},
  year = {2010},
}

@article{Briggs:2008,
 author = {Briggs, Forrest and O'Neill, Melissa},
 title = {Functional genetic programming and exhaustive program search with combinator expressions},
 journal = {Int. J. Know.-Based Intell. Eng. Syst.},
 issue_date = {January 2008},
 volume = {12},
 number = {1},
 month = jan,
 year = {2008},
 issn = {1327-2314},
 pages = {47--68},
 numpages = {22},
 url = {http://dl.acm.org/citation.cfm?id=1375341.1375345},
 acmid = {1375345},
 publisher = {IOS Press},
 address = {Amsterdam, The Netherlands, The Netherlands},
}

@book{Pierce_2002, 
place={Cambridge, MA},                  
edition=1, 
title={Types and Programming Languages}, 
ISBN=0262162091, 
publisher={The MIT Press}, 
author={Pierce, Benjamin C.}, 
year=2002, 
pages=645}

@article{ nilsson1982principles,
  title={Principles of artificial intelligence},
  author={Nilsson, N.J.},
  journal={Symbolic Computation, Berlin: Springer, 1982},
  volume={1},
  year={1982}
}